%% This BibTeX bibliography file was created using BibDesk.
%% http://bibdesk.sourceforge.net/


%% Created for Alessandro Bozzon at 2014-05-12 14:40:25 +0200 


%% Saved with string encoding Unicode (UTF-8) 



@inproceedings{Bozzon2013,
	Acmid = {2452451},
	Address = {New York, NY, USA},
	Author = {Bozzon, Alessandro and others},
	Booktitle = {Proceedings of the 16th International Conference on Extending Database Technology},
	Date-Added = {2014-05-12 12:39:33 +0000},
	Date-Modified = {2014-05-12 12:40:22 +0000},
	Doi = {10.1145/2452376.2452451},
	Isbn = {978-1-4503-1597-5},
	Keywords = {crowdsourcing, expert finding, expertise finding, information extraction, information retrieval, semantic analysis, social network, user profile, web data},
	Location = {Genoa, Italy},
	Numpages = {12},
	Pages = {637--648},
	Publisher = {ACM},
	Title = {Choosing the Right Crowd: Expert Finding in Social Networks},
	Url = {http://doi.acm.org/10.1145/2452376.2452451},
	Year = {2013},
	Bdsk-Url-1 = {http://doi.acm.org/10.1145/2452376.2452451},
	Bdsk-Url-2 = {http://dx.doi.org/10.1145/2452376.2452451}}

@inproceedings{Oosterman:2014,
	Acmid = {2576960},
	Author = {Oosterman, Jasper and others},
	Booktitle = {Proceedings of the Companion Publication of the 23rd International Conference on World Wide Web},
	Date-Added = {2014-05-12 07:46:29 +0000},
	Date-Modified = {2014-05-12 09:24:32 +0000},
	Doi = {10.1145/2567948.2576960},
	Isbn = {978-1-4503-2745-9},
	Keywords = {crowdsourcing, cultural heritage, knowledge intensive tasks, nichesourcing, tagging},
	Location = {Seoul, Korea},
	Numpages = {2},
	Pages = {567--568},
	Title = {Crowd vs. Experts: Nichesourcing for Knowledge Intensive Tasks in Cultural Heritage},
	Url = {http://dx.doi.org/10.1145/2567948.2576960},
	Year = {2014},
	Bdsk-Url-1 = {http://dx.doi.org/10.1145/2567948.2576960}}

@incollection{Boer2012,
	Author = {de Boer, Victor and others},
	Booktitle = {Knowledge Engineering and Knowledge Management},
	Date-Modified = {2014-05-12 09:25:16 +0000},
	Doi = {10.1007/978-3-642-33876-2_3},
	Isbn = {978-3-642-33875-5},
	Pages = {16-20},
	Publisher = {Springer Berlin Heidelberg},
	Series = {Lecture Notes in Computer Science},
	Title = {Nichesourcing: Harnessing the Power of Crowds of Experts},
	Volume = {7603},
	Year = {2012},
	Bdsk-Url-1 = {http://dx.doi.org/10.1007/978-3-642-33876-2_3}}
